@article{gatys2015neural,
  title={A neural algorithm of artistic style},
  author={Gatys, Leon A and Ecker, Alexander S and Bethge, Matthias},
  journal={arXiv preprint arXiv:1508.06576},
  year={2015}
}

@InProceedings{Gatys_2016_CVPR,
author = {Gatys, Leon A. and Ecker, Alexander S. and Bethge, Matthias},
title = {Image Style Transfer Using Convolutional Neural Networks},
booktitle = {Proceedings of the IEEE Conference on Computer Vision and Pattern Recognition (CVPR)},
month = {June},
year = {2016}
}

@InProceedings{Isola_2017_CVPR,
author = {Isola, Phillip and Zhu, Jun-Yan and Zhou, Tinghui and Efros, Alexei A.},
title = {Image-To-Image Translation With Conditional Adversarial Networks},
booktitle = {Proceedings of the IEEE Conference on Computer Vision and Pattern Recognition (CVPR)},
month = {July},
year = {2017}
}

@article{liao2017visual,
  title={Visual attribute transfer through deep image analogy},
  author={Liao, Jing and Yao, Yuan and Yuan, Lu and Hua, Gang and Kang, Sing Bing},
  journal={ACM Transactions on Graphics (TOG)},
  volume={36},
  number={4},
  pages={1--15},
  year={2017},
  publisher={ACM New York, NY, USA}
}

@inproceedings{johnson2016perceptual,
  title={Perceptual losses for real-time style transfer and super-resolution},
  author={Johnson, Justin and Alahi, Alexandre and Fei-Fei, Li},
  booktitle={European conference on computer vision},
  pages={694--711},
  year={2016},
  organization={Springer}
}

@InProceedings{Chen_2017_CVPR,
author = {Chen, Dongdong and Yuan, Lu and Liao, Jing and Yu, Nenghai and Hua, Gang},
title = {StyleBank: An Explicit Representation for Neural Image Style Transfer},
booktitle = {Proceedings of the IEEE Conference on Computer Vision and Pattern Recognition (CVPR)},
month = {July},
year = {2017}
}

@article{jing2019neural,
  title={Neural style transfer: A review},
  author={Jing, Yongcheng and Yang, Yezhou and Feng, Zunlei and Ye, Jingwen and Yu, Yizhou and Song, Mingli},
  journal={IEEE transactions on visualization and computer graphics},
  volume={26},
  number={11},
  pages={3365--3385},
  year={2019},
  publisher={IEEE}
}

@article{dumoulin2016learned,
  title={A learned representation for artistic style},
  author={Dumoulin, Vincent and Shlens, Jonathon and Kudlur, Manjunath},
  journal={arXiv preprint arXiv:1610.07629},
  year={2016}
}

@InProceedings{Zhang_2018_ECCV_Workshops,
author = {Zhang, Hang and Dana, Kristin},
title = {Multi-style Generative Network for Real-time Transfer},
booktitle = {Proceedings of the European Conference on Computer Vision (ECCV) Workshops},
month = {September},
year = {2018}
}

@article{liu2016geometric,
  title={Geometric tight frame based stylometry for art authentication of van Gogh paintings},
  author={Liu, Haixia and Chan, Raymond H and Yao, Yuan},
  journal={Applied And Computational Harmonic Analysis},
  volume={41},
  number={2},
  pages={590--602},
  year={2016},
  publisher={Elsevier}
}

@article{lin2021drafting,
  title={Drafting and Revision: Laplacian Pyramid Network for Fast High-Quality Artistic Style Transfer},
  author={Lin, Tianwei and Ma, Zhuoqi and Li, Fu and He, Dongliang and Li, Xin and Ding, Errui and Wang, Nannan and Li, Jie and Gao, Xinbo},
  booktitle={Computer Vision and Pattern Recognition (CVPR)},
  year={2021}
}

@article{johnson2008image,
  title={Image processing for artist identification},
  author={Johnson, C Richard and Hendriks, Ella and Berezhnoy, Igor J and Brevdo, Eugene and Hughes, Shannon M and Daubechies, Ingrid and Li, Jia and Postma, Eric and Wang, James Z},
  journal={IEEE Signal Processing Magazine},
  volume={25},
  number={4},
  pages={37--48},
  year={2008},
  publisher={IEEE}
}

@article{li2011rhythmic,
  title={Rhythmic brushstrokes distinguish van Gogh from his contemporaries: findings via automated brushstroke extraction},
  author={Li, Jia and Yao, Lei and Hendriks, Ella and Wang, James Z},
  journal={IEEE transactions on pattern analysis and machine intelligence},
  volume={34},
  number={6},
  pages={1159--1176},
  year={2011},
  publisher={IEEE}
}

@article{qi2013visual,
  title={Visual stylometry using background selection and wavelet-HMT-based Fisher information distances for attribution and dating of impressionist paintings},
  author={Qi, Hanchao and Taeb, Armeen and Hughes, Shannon M},
  journal={Signal Processing},
  volume={93},
  number={3},
  pages={541--553},
  year={2013},
  publisher={Elsevier}
}

@inproceedings{hertzmann1998painterly,
  title={Painterly rendering with curved brush strokes of multiple sizes},
  author={Hertzmann, Aaron},
  booktitle={Proceedings of the 25th annual conference on Computer graphics and interactive techniques},
  pages={453--460},
  year={1998}
}

@book{kolliopoulos2005image,
  title={Image segmentation for stylized non-photorealistic rendering and animation},
  author={Kolliopoulos, Alexander},
  year={2005},
  publisher={Citeseer}
}

@inproceedings{gooch2002artistic,
  title={Artistic vision: painterly rendering using computer vision techniques},
  author={Gooch, Bruce and Coombe, Greg and Shirley, Peter},
  booktitle={Proceedings of the 2nd international symposium on Non-photorealistic animation and rendering},
  pages={83--ff},
  year={2002}
}

@inproceedings{song2008arty,
  title={Arty Shapes.},
  author={Song, Yi-Zhe and Rosin, Paul L and Hall, Peter M and Collomosse, John P},
  booktitle={CAe},
  pages={65--72},
  year={2008},
  organization={Citeseer}
}

@inproceedings{hertzmann2001image,
  title={Image analogies},
  author={Hertzmann, Aaron and Jacobs, Charles E and Oliver, Nuria and Curless, Brian and Salesin, David H},
  booktitle={Proceedings of the 28th annual conference on Computer graphics and interactive techniques},
  pages={327--340},
  year={2001}
}

@inproceedings{zhao2011portrait,
  title={Portrait painting using active templates},
  author={Zhao, Mingtian and Zhu, Song-Chun},
  booktitle={Proceedings of the ACM SIGGRAPH/Eurographics Symposium on Non-Photorealistic Animation and Rendering},
  pages={117--124},
  year={2011}
}

@article{winnemoller2006real,
  title={Real-time video abstraction},
  author={Winnem{\"o}ller, Holger and Olsen, Sven C and Gooch, Bruce},
  journal={ACM Transactions On Graphics (TOG)},
  volume={25},
  number={3},
  pages={1221--1226},
  year={2006},
  publisher={ACM New York, NY, USA}
}

@article{li2017demystifying,
  title={Demystifying neural style transfer},
  author={Li, Yanghao and Wang, Naiyan and Liu, Jiaying and Hou, Xiaodi},
  journal={arXiv preprint arXiv:1701.01036},
  year={2017}
}

@article{risser2017stable,
  title={Stable and controllable neural texture synthesis and style transfer using histogram losses},
  author={Risser, Eric and Wilmot, Pierre and Barnes, Connelly},
  journal={arXiv preprint arXiv:1701.08893},
  year={2017}
}

@inproceedings{li2017laplacian,
  title={Laplacian-steered neural style transfer},
  author={Li, Shaohua and Xu, Xinxing and Nie, Liqiang and Chua, Tat-Seng},
  booktitle={Proceedings of the 25th ACM international conference on Multimedia},
  pages={1716--1724},
  year={2017}
}

@inproceedings{li2016combining,
  title={Combining markov random fields and convolutional neural networks for image synthesis},
  author={Li, Chuan and Wand, Michael},
  booktitle={Proceedings of the IEEE conference on computer vision and pattern recognition},
  pages={2479--2486},
  year={2016}
}

@inproceedings{ulyanov2016texture,
  title={Texture networks: Feed-forward synthesis of textures and stylized images.},
  author={Ulyanov, Dmitry and Lebedev, Vadim and Vedaldi, Andrea and Lempitsky, Victor S},
  booktitle={ICML},
  volume={1},
  number={2},
  pages={4},
  year={2016}
}

@inproceedings{ulyanov2017improved,
  title={Improved texture networks: Maximizing quality and diversity in feed-forward stylization and texture synthesis},
  author={Ulyanov, Dmitry and Vedaldi, Andrea and Lempitsky, Victor},
  booktitle={Proceedings of the IEEE Conference on Computer Vision and Pattern Recognition},
  pages={6924--6932},
  year={2017}
}

@inproceedings{li2016precomputed,
  title={Precomputed real-time texture synthesis with markovian generative adversarial networks},
  author={Li, Chuan and Wand, Michael},
  booktitle={European conference on computer vision},
  pages={702--716},
  year={2016},
  organization={Springer}
}

@inproceedings{li2017diversified,
  title={Diversified texture synthesis with feed-forward networks},
  author={Li, Yijun and Fang, Chen and Yang, Jimei and Wang, Zhaowen and Lu, Xin and Yang, Ming-Hsuan},
  booktitle={Proceedings of the IEEE Conference on Computer Vision and Pattern Recognition},
  pages={3920--3928},
  year={2017}
}

@inproceedings{huang2017arbitrary,
  title={Arbitrary style transfer in real-time with adaptive instance normalization},
  author={Huang, Xun and Belongie, Serge},
  booktitle={Proceedings of the IEEE International Conference on Computer Vision},
  pages={1501--1510},
  year={2017}
}

@article{chen2016fast,
  title={Fast patch-based style transfer of arbitrary style},
  author={Chen, Tian Qi and Schmidt, Mark},
  journal={arXiv preprint arXiv:1612.04337},
  year={2016}
}

@inproceedings{gu2018arbitrary,
  title={Arbitrary style transfer with deep feature reshuffle},
  author={Gu, Shuyang and Chen, Congliang and Liao, Jing and Yuan, Lu},
  booktitle={Proceedings of the IEEE Conference on Computer Vision and Pattern Recognition},
  pages={8222--8231},
  year={2018}
}

@article{ghiasi2017exploring,
  title={Exploring the structure of a real-time, arbitrary neural artistic stylization network},
  author={Ghiasi, Golnaz and Lee, Honglak and Kudlur, Manjunath and Dumoulin, Vincent and Shlens, Jonathon},
  journal={arXiv preprint arXiv:1705.06830},
  year={2017}
}

@article{li2017universal,
  title={Universal style transfer via feature transforms},
  author={Li, Yijun and Fang, Chen and Yang, Jimei and Wang, Zhaowen and Lu, Xin and Yang, Ming-Hsuan},
  journal={arXiv preprint arXiv:1705.08086},
  year={2017}
}

@article{li2018learning,
  title={Learning linear transformations for fast arbitrary style transfer},
  author={Li, Xueting and Liu, Sifei and Kautz, Jan and Yang, Ming-Hsuan},
  journal={arXiv preprint arXiv:1808.04537},
  year={2018}
}

@inproceedings{shen2018neural,
  title={Neural style transfer via meta networks},
  author={Shen, Falong and Yan, Shuicheng and Zeng, Gang},
  booktitle={Proceedings of the IEEE Conference on Computer Vision and Pattern Recognition},
  pages={8061--8069},
  year={2018}
}

@article{xu2018learning,
  title={Learning from multi-domain artistic images for arbitrary style transfer},
  author={Xu, Zheng and Wilber, Michael and Fang, Chen and Hertzmann, Aaron and Jin, Hailin},
  journal={arXiv preprint arXiv:1805.09987},
  year={2018}
}

@article{deng2021stytr,
  title={StyTr\^{} 2: Unbiased Image Style Transfer with Transformers},
  author={Deng, Yingying and Tang, Fan and Pan, Xingjia and Dong, Weiming and Xu, Changsheng and others},
  journal={arXiv preprint arXiv:2105.14576},
  year={2021}
}

@article{simonyan2014very,
  title={Very deep convolutional networks for large-scale image recognition},
  author={Simonyan, Karen and Zisserman, Andrew},
  journal={arXiv preprint arXiv:1409.1556},
  year={2014}
}

@article{russakovsky2015imagenet,
  title={Imagenet large scale visual recognition challenge},
  author={Russakovsky, Olga and Deng, Jia and Su, Hao and Krause, Jonathan and Satheesh, Sanjeev and Ma, Sean and Huang, Zhiheng and Karpathy, Andrej and Khosla, Aditya and Bernstein, Michael and others},
  journal={International journal of computer vision},
  volume={115},
  number={3},
  pages={211--252},
  year={2015},
  publisher={Springer}
}

@article{krishnan2009fast,
  title={Fast image deconvolution using hyper-Laplacian priors},
  author={Krishnan, Dilip and Fergus, Rob},
  journal={Advances in neural information processing systems},
  volume={22},
  pages={1033--1041},
  year={2009}
}